<record><leader>00000cas a2200000 a 4500</leader><controlfield tag="001">11116966</controlfield><controlfield tag="008">840904d18971904ksuwr ne      0   a0eng d</controlfield><datafield ind1=" " ind2=" " tag="010"><subfield code="a">sn 84029445 </subfield></datafield><datafield ind1=" " ind2=" " tag="040"><subfield code="a">KSH</subfield><subfield code="b">eng</subfield><subfield code="c">KSH</subfield><subfield code="d">NPT</subfield><subfield code="d">OCL</subfield><subfield code="d">OCLCQ</subfield></datafield><datafield ind1=" " ind2=" " tag="042"><subfield code="a">msc</subfield></datafield><datafield ind1="0" ind2=" " tag="130"><subfield code="a">Dispatch (Hope, Kan. : 1897)</subfield></datafield><datafield ind1="1" ind2="4" tag="245"><subfield code="a">The dispatch.</subfield></datafield><datafield ind1=" " ind2=" " tag="260"><subfield code="a">Hope, Kan. :</subfield><subfield code="b">M.C. Hemenway, I.A. Eichelberger,</subfield><subfield code="c">1897-1904.</subfield></datafield><datafield ind1=" " ind2=" " tag="300"><subfield code="a">15 v. :</subfield><subfield code="b">ill. ;</subfield><subfield code="c">38-54 cm.</subfield></datafield><datafield ind1=" " ind2=" " tag="310"><subfield code="a">Weekly</subfield></datafield><datafield ind1="0" ind2=" " tag="362"><subfield code="a">Vol. 4, no. 31 (Jan. 7, 1897)-v. 19, no. 16 (June 2, 1904).</subfield></datafield><datafield ind1=" " ind2=" " tag="500"><subfield code="a">Publisher varies.</subfield></datafield><datafield ind1=" " ind2=" " tag="525"><subfield code="a">Some issues have supplements.</subfield></datafield><datafield ind1=" " ind2=" " tag="530"><subfield code="a">Available on microfilm from Micro Photo.</subfield></datafield><datafield ind1=" " ind2=" " tag="752"><subfield code="a">United States</subfield><subfield code="b">Kansas</subfield><subfield code="c">Dickinson</subfield><subfield code="d">Hope.</subfield></datafield><datafield ind1="0" ind2="0" tag="780"><subfield code="t">Dispatch, western news &amp; crescent</subfield><subfield code="w">(DLC)sn 84029430</subfield></datafield><datafield ind1="0" ind2="0" tag="785"><subfield code="t">Hope dispatch (Hope, Kan. : 1904)</subfield><subfield code="w">(DLC)sn 84029431</subfield></datafield></record>